<?xml version="1.0" encoding="UTF-8"?><collection xmlns="http://www.loc.gov/MARC21/slim"><record><leader>00387nam--2200121-i-4500</leader><controlfield tag="001">000000250</controlfield><controlfield tag="002">20161230</controlfield><controlfield tag="005">20161230201023</controlfield><controlfield tag="008">060222s1000------------r-----000-0-eng-d</controlfield><datafield ind1=" " ind2=" " tag="100"><subfield code="a">Fricke, H.W</subfield></datafield><datafield ind1=" " ind2=" " tag="245"><subfield code="a">Der katodenstrahllloszillograph.beschreibung und anwendungsmoglichkeiten unter berucksichtigung der fernsehtechnik</subfield></datafield><datafield ind1=" " ind2=" " tag="260"><subfield code="a">Leipzig, Fachbuchverlag. 328 P. + 631 Fig</subfield></datafield><datafield ind1=" " ind2=" " tag="852"><subfield code="a">8619</subfield></datafield></record></collection>